@incollection{Autor2013,
  title={Titel-Untertitel},
  author={Doe, Jon and Smith, Jane},
  booktitle={Current Trends in XYZ},
  pages={253--268},
  year={2013},
  publisher={Verlag}
}
@book{Dix04,
	author = {Dix, Alan and Finlay, Janet E. and Abowd, Gregory D. and Beale, Russell},
	title = {Human-Computer Interaction},
	edition = {3.},
	publisher = {Pearson Education Limited},
	address = {Essex, England},
	year = {2004},
	note = {ISBN 0-13-046109-1}
}